
@webpage{pppBlockchain,
	Author = { SHOBHIT SETH},
	Date-Added = {2019-04-30 17:01:30 +0800},
	Date-Modified = {2019-04-30 17:02:19 +0800},
	Month = {10},
	Title = {Public, Private, Permissioned Blockchains Compared},
	Url = {https://www.investopedia.com/news/public-private-permissioned-blockchains-compared/},
	Year = {2018}}


@webpage{baas,
	Author = {JAKE FRANKENFIELD},
	Date-Added = {2019-04-30 20:15:56 +0800},
	Date-Modified = {2019-04-30 20:16:38 +0800},
	Month = {May},
	Title = {Blockchain-as-a-Service (BaaS)},
	Url = {https://www.investopedia.com/terms/b/blockchainasaservice-baas.asp},
	Year = {2018}}

@webpage{wiki-Blockchain,
	Date-Added = {2019-04-30 20:17:52 +0800},
	Date-Modified = {2019-04-30 20:18:18 +0800},
	Title = {Blockchain},
	Url = {https://en.wikipedia.org/wiki/Blockchain}}

@webpage{fig-pppp,
	Date-Added = {2019-04-30 20:28:17 +0800},
	Date-Modified = {2019-04-30 20:28:56 +0800},
	Title = {Blockchains & Distributed Ledger Technologies},
	Url = {https://blockchainhub.net/blockchains-and-distributed-ledger-technologies-in-general/}}

@webpage{BlockchainPP,
	Author = {Paolo Ciccioni},
	Date-Added = {2019-04-30 20:36:59 +0800},
	Date-Modified = {2019-04-30 20:39:04 +0800},
	Month = {Feb},
	Title = {Blockchain pubbliche e blockchain private},
	Url = {https://medium.com/vivido-it/blockchain-pubbliche-e-blockchain-private-40e806ec012a},
	Year = {2019}}
	
@inproceedings{haber1990time,
  title={How to time-stamp a digital document},
  author={Haber, Stuart and Stornetta, W Scott},
  booktitle={Conference on the Theory and Application of Cryptography},
  pages={437--455},
  year={1990},
  organization={Springer}
}

@webpage{HistoryBCT,
	Date-Added = {2019-04-30 20:46:05 +0800},
	Date-Modified = {2019-04-30 20:46:36 +0800},
	Title = {History of Blockchain Technology -- Timeline Infographic},
	Url = {https://101blockchains.com/history-of-blockchain-timeline/}}

@article{nakamoto2008bitcoin,
  title={Bitcoin: A peer-to-peer electronic cash system},
  author={Nakamoto, Satoshi and others},
  year={2008},
  publisher={Working Paper}
}